<?xml version="1.0" encoding="UTF-8"?><record xmlns="http://www.loc.gov/MARC21/slim" xmlns:cinclude="http://apache.org/cocoon/include/1.0" xmlns:zs="http://www.loc.gov/zing/srw/">
  <leader>01207cz  a2200193n  4500</leader>
  <controlfield tag="001">n  96056578 </controlfield>
  <controlfield tag="003">DLC</controlfield>
  <controlfield tag="005">20141211102746.0</controlfield>
  <controlfield tag="008">960610n| acannaab           |a aba      </controlfield>
  <datafield tag="010" ind1=" " ind2=" ">
    <subfield code="a">n  96056578 </subfield>
  </datafield>
  <datafield tag="040" ind1=" " ind2=" ">
    <subfield code="a">DLC</subfield>
    <subfield code="b">eng</subfield>
    <subfield code="c">DLC</subfield>
    <subfield code="d">DLC</subfield>
  </datafield>
  <datafield tag="100" ind1="1" ind2=" ">
    <subfield code="a">Nguyễn, Thanh Tuyền</subfield>
  </datafield>
  <datafield tag="400" ind1="0" ind2=" ">
    <subfield code="a">Nguyễn Thanh Tuyền</subfield>
  </datafield>
  <datafield tag="667" ind1=" " ind2=" ">
    <subfield code="a">THIS 1XX FIELD CANNOT BE USED UNDER RDA UNTIL THIS UNDIFFERENTIATED RECORD HAS BEEN HANDLED FOLLOWING THE GUIDELINES IN DCM Z1 008/32</subfield>
  </datafield>
  <datafield tag="670" ind1=" " ind2=" ">
    <subfield code="a">[Author of Thuế trị giá gia tăng (TVA) và vấn đề áp dụng tại Việt Nam]</subfield>
  </datafield>
  <datafield tag="670" ind1=" " ind2=" ">
    <subfield code="a">Thuế trị giá gia tăng (TVA) và vấn đề áp dụng tại Việt Nam, 1995:</subfield>
    <subfield code="b">t.p. (Nguyễn Thanh Tuyền)</subfield>
  </datafield>
  <datafield tag="670" ind1=" " ind2=" ">
    <subfield code="a">Thành phần kinh tế tư bản tư nhân trong quá trình công nghiệp hóa, hiện đại hóa, 2002:</subfield>
    <subfield code="b">t.p. (GS. TS. Nguyễn Thanh Tuyền)</subfield>
  </datafield>
  <datafield tag="670" ind1=" " ind2=" ">
    <subfield code="a">[Author of Bồi dưỡng niềm tin cộng sản cho đội ngũ sĩ quan trẻ quân đội hiện nay]</subfield>
  </datafield>
  <datafield tag="670" ind1=" " ind2=" ">
    <subfield code="a">Bồi dưỡng niềm tin cộng sản cho đội ngũ sĩ quan trẻ quân đội hiện nay, 2009:</subfield>
    <subfield code="b">t.p. (TS. Nguyễn Thanh Tuyên)</subfield>
  </datafield>
</record>